@article{ChakSHS,
  author = {Chakraborty, Arindom and Islam, Monirul and Shahriyar, Fahim and Islam, Sharnali and Zaman, Hasan U. and Hasan, Mehedi},
  title = {{Smart Home System: A Comprehensive Review}},
  journal = {Journal of Electrical and Computer Engineering},
  volume = {2023},
  number = {1},
  pages = {7616683},
  doi = {https://doi.org/10.1155/2023/7616683},
  url = {https://onlinelibrary.wiley.com/doi/abs/10.1155/2023/7616683},
  eprint = {https://onlinelibrary.wiley.com/doi/pdf/10.1155/2023/7616683},
  year = {2023},
  urldate = {2024-10-30},
}

@article{VergeAmazonEchoLook,
  author = {Ashley Carman},
  title = {{The Verge: Amazon will no longer support the Echo Look, encourages owners to recycle theirs (accessed: 2024-10-30)}},
  url = {https://www.theverge.com/2020/5/29/21274805/amazon-echo-look-discontinue-gadget-shopping-recycle-fashion-camera},
  year = {2020},
  urldate = {2024-10-30},
}

@article{UpkeepIndRev,
  author = {UpKeep},
  title = {{What is the difference between Industry 3.0 and Industry 4.0? (accessed: 2024-10-30)}},
  url = {https://upkeep.com/learning/industry-3-0-vs-industry-4-0/},
  urldate = {2024-10-30},
}

@article{CavaX10,
  author = {Tom Cava},
  title = {{X10: The Revolutionary Smart Home Device You've Never Heard Of (accessed: 2024-10-30)}},
  url = {https://medium.com/digitalshroud/x10-the-revolutionary-smart-home-device-youve-never-heard-of-48790e272e1f},
  year = {2021},
  urldate = {2024-10-30},
}

@article{IEEEWiFi,
  author = {IEEE Standards Association (IEEE SA)},
  title = {{The Evolution of Wi-Fi Technology and Standards (accessed: 2024-10-30)}},
  url = {https://standards.ieee.org/beyond-standards/the-evolution-of-wi-fi-technology-and-standards/},
  year = {2023},
  urldate = {2024-10-30},
}

@article{PCMagZWave,
  author = {PCMag},
  title = {{Definition of Z-Wave (accessed: 2024-10-30)}},
  url = {https://www.pcmag.com/encyclopedia/term/z-wave},
  urldate = {2024-10-30},
}

@article{DigiZigbee,
  author = {Digi International Inc},
  title = {{What Is Zigbee? (accessed: 2024-11-02)}},
  url = {https://www.digi.com/solutions/by-technology/zigbee-wireless-standard},
  urldate = {2024-11-02},
}

@article{ShafiqIoTAttacks,
  author = {Shafiq, Muhammad and Gu, Zhaoquan and Cheikhrouhou, Omar and Alhakami, Wajdi and Hamam, Habib},
  title = {{The Rise of “Internet of Things”: Review and Open Research Issues Related to Detection and Prevention of IoT-Based Security Attacks}},
  journal = {Wireless Communications and Mobile Computing},
  volume = {2022},
  number = {1},
  pages = {8669348},
  url = {https://onlinelibrary.wiley.com/doi/abs/10.1155/2022/8669348},
  year = {2022},
}

@article{IntelBluetooth,
  author = {Intel},
  title = {{What Is Bluetooth® Technology? (accessed: 2024-11-02)}},
  url = {https://www.intel.com/content/www/us/en/products/docs/wireless/what-is-bluetooth.html},
  urldate = {2024-11-02},
}

@article{TTPoE,
  author = {Mary E. Shacklett},
  title = {{What is Power over Ethernet? (accessed: 2024-11-02)}},
  url = {https://www.techtarget.com/searchnetworking/definition/Power-over-Ethernet},
  urldate = {2024-11-02},
}

@article{PCMagMatter,
  author = {Angela Moscaritolo, Andrew Gebhart},
  title = {{What Is Matter? The Smart Home Standard, Explained (accessed: 2024-11-02)}},
  url = {https://www.pcmag.com/explainers/matter-explained},
  urldate = {2024-11-02},
}

@misc{Control4about,
  author = {Control4},
  title = {{About Control4 (accessed: 2024-11-03)}},
  url = {https://www.control4.com/company},
  urldate = {2024-11-03},
}

@misc{WPInsteonFirstLook,
  author = {Alan Stafford},
  title = {{First Look: Insteon's Easier Home Automation (accessed: 2024-11-03)}},
  url = {https://www.washingtonpost.com/wp-dyn/content/article/2005/09/02/AR2005090200875.html},
  urldate = {2024-11-03},
}

@misc{SavantCompInfo,
  author = {Savant},
  title = {{Company Info (accessed: 2024-11-03)}},
  url = {https://www.savant.com/company-info},
  urldate = {2024-11-03},
}

@misc{AmazonAlexaSH,
  author = {Amazon},
  title = {{Alexa Smart Home (accessed: 2024-11-03)}},
  url = {https://www.amazon.com/alexa-smart-home/b?ie=UTF8&node=21442899011},
  urldate = {2024-11-03},
}

@misc{GoogleHome,
  author = {Google},
  title = {{About Google Home (accessed: 2024-11-03)}},
  url = {https://home.google.com/about-google-home/},
  urldate = {2024-11-03},
}

@misc{GoogleAssistant,
  author = {Google},
  title = {{Assistant (accessed: 2024-11-03)}},
  url = {https://assistant.google.com/},
  urldate = {2024-11-03},
}

@misc{AppleHome,
  author = {Apple},
  title = {{Developing apps and accessories for the home (accessed: 2024-11-03)}},
  url = {https://developer.apple.com/apple-home/},
  urldate = {2024-11-03},
}

@article{AWScloud,
  author = {Amazon Web Services},
  title = {{What is Cloud Computing? (accessed: 2024-11-03)}},
  url = {https://aws.amazon.com/what-is-cloud-computing/},
  urldate = {2024-11-03},
}

@article{TechTargetSH,
  author = {Kinza Yasar},
  title = {{What is a Smart Home? Everything You Need to Know | Definition from TechTarget (accessed: 2024-11-11)}},
  url = {https://www.techtarget.com/iotagenda/definition/smart-home-or-building},
  urldate = {2024-11-11},
}


@article{QACloudDisadvantages,
  author = {QA USA, Inc.},
  title = {{Disadvantages of Cloud Computing (accessed: 2024-11-11)}},
  url = {https://www.qa.com/resources/blog/disadvantages-of-cloud-computing/},
  urldate = {2024-11-11},
}

@article{IBMmicrocontroller,
  author = {IBM},
  title = {{What is a microcontroller? (accessed: 2024-11-08)}},
  url = {https://www.ibm.com/think/topics/microcontroller},
  urldate = {2024-11-08},
}

@article{ESPvArduino,
  author = {Myles Vendel, Cherie Tan},
  title = {{Esp32 vs Arduino: The Differences (accessed: 2024-11-08)}},
  url = {https://all3dp.com/2/esp32-vs-arduino-differences/},
  urldate = {2024-11-08},
}

@article{ESPvSTM,
  author = {David Reynolds},
  title = {{ESP32 vs. STM32: How to Choose the Right Microcontrollers (accessed: 2024-11-08)}},
  url = {https://www.xecor.com/blog/esp32-vs-stm32},
  urldate = {2024-11-08},
}

@misc{HAHomepage,
  author = {Home Assistant},
  title = {{Homepage (accessed: 2024-11-12)}},
  url = {https://www.home-assistant.io/},
  urldate = {2024-11-12},
}

@misc{openHABHomepage,
  author = {OpenHAB},
  title = {{Homepage (accessed: 2024-11-12)}},
  url = {https://www.openhab.org/},
  urldate = {2024-11-12},
}

@misc{ESPHomeHomepage,
  author = {ESPHome},
  title = {{Homepage (accessed: 2024-11-13)}},
  url = {https://esphome.io/},
  urldate = {2024-11-13},
}

@misc{TasmotaHomepage,
  author = {Tasmota},
  title = {{Homepage (accessed: 2024-11-16)}},
  url = {https://tasmota.github.io/},
  urldate = {2024-11-16},
}

@article{WunderTechHAvsopenHAB,
  author = {Frank Joseph},
  title = {{openHAB vs. Home Assistant (accessed: 2024-11-16)}},
  url = {https://www.wundertech.net/openhab-vs-home-assistant/},
  urldate = {2024-11-16},
}

@misc{ESPHomeOTA,
  author = {ESPHome},
  title = {{ESPHome OTA Updates (accessed: 2024-11-16)}},
  url = {https://esphome.io/components/ota/esphome.html},
  urldate = {2024-11-16},
}

@misc{TasmotaOTA,
  author = {Tasmota},
  title = {{Upgrade using webUI (accessed: 2024-11-16)}},
  url = {https://tasmota.github.io/docs/Upgrading/#upgrade-using-webui},
  urldate = {2024-11-16},
}

@misc{ESPHomeWebAPI,
  author = {ESPHome},
  title = {{Web Server API (accessed: 2024-11-16)}},
  url = {https://esphome.io/web-api/index.html},
  urldate = {2024-11-16},
}

@misc{TasmotaMQTT,
  author = {Tasmota},
  title = {{Web Server API (accessed: 2024-11-16)}},
  url = {https://tasmota.github.io/docs/MQTT},
  urldate = {2024-11-16},
}

@misc{AIThinkerNodeMCU32,
  author = {AI-Thinker},
  title = {{NodeMCU-32S Core Development Board Documentation (accessed: 2024-11-18)}},
  url = {https://docs.ai-thinker.com/en/esp32/boards/nodemcu_32s},
  urldate = {2024-11-18},
}

@misc{PeltierDatasheet,
  author = {Hebei I.T. (Shanghai) Co., Ltd},
  title = {{TEC1-12703 Datasheet (accessed: 2024-11-18)}},
  url = {https://peltiermodules.com/peltier.datasheet/TEC1-12703.pdf},
  urldate = {2024-11-18},
}

@misc{DDWRTHomepage,
  author = {DD-WRT},
  title = {{Homepage (accessed: 2024-11-18)}},
  url = {https://dd-wrt.com/},
  urldate = {2024-11-18},
}

@article{DockerContainer,
  author = {Docker},
  title = {{What is a Container? (accessed: 2024-11-18)}},
  url = {https://www.docker.com/resources/what-container/},
  urldate = {2024-11-19},
}

@article{DockerCompose,
  author = {Docker Docs},
  title = {{Docker Compose (accessed: 2024-11-20)}},
  url = {https://docs.docker.com/compose/},
  urldate = {2024-11-20},
}

@misc{HAaddons,
  author = {Home Assistant},
  title = {{Add-ons (accessed: 2024-11-22)}},
  url = {https://www.home-assistant.io/addons/},
  urldate = {2024-11-22},
}

@article{VMwareVM,
  author = {VMware},
  title = {{What is a Virtual Machine? (accessed: 2024-11-23)}},
  url = {https://www.vmware.com/topics/virtual-machine},
  urldate = {2024-11-23},
}

@article{G2freeVM,
  author = {Harshita Tewari},
  title = {{11 Best Free Virtual Machine Software in 2024 (accessed: 2024-11-23)}},
  url = {https://learn.g2.com/free-virtual-machine-software},
  urldate = {2024-11-23},
}

@article{ESPHomeGettingStarted,
  author = {ESPHome},
  title = {{Getting Started with the ESPHome Command Line (accessed: 2024-11-23)}},
  url = {https://esphome.io/guides/getting_started_command_line},
  urldate = {2024-11-23},
}

@misc{YAMLHomepage,
  author = {YAML},
  title = {{Homepage (accessed: 2024-11-23)}},
  url = {https://yaml.org/},
  urldate = {2024-11-23},
}

@misc{HAConceptsTerminology,
  author = {Home Assistant},
  title = {{Concepts and terminology (accessed: 2024-11-23)}},
  url = {https://www.home-assistant.io/getting-started/concepts-terminology/},
  urldate = {2024-11-23},
}

@misc{ESPHomePackages,
  author = {ESPHome},
  title = {{Packages (accessed: 2024-11-23)}},
  url = {https://esphome.io/components/packages.html},
  urldate = {2024-11-23},
}

@misc{ESPHomeForumSG90,
  author = {ESPHome Forum},
  title = {{Servo motor wont work in ESPhome (accessed: 2024-11-23)}},
  url = {https://community.home-assistant.io/t/servo-motor-wont-work-in-esphome/429297/3},
  urldate = {2024-11-23},
}

@misc{HAFAQUniqueID,
  author = {Home Assistant},
  title = {{FAQ: This entity does not have a unique ID? (accessed: 2024-11-24)}},
  url = {https://www.home-assistant.io/faq#this-entity-does-not-have-a-unique-id},
  urldate = {2024-11-24},
}

@misc{HAEntitiesDomains,
  author = {Home Assistant},
  title = {{Entities and domains (accessed: 2024-11-24)}},
  url = {https://www.home-assistant.io/docs/configuration/entities_domains/},
  urldate = {2024-11-24},
}

@misc{HACompanion,
  author = {Home Assistant},
  title = {{Companion Docs (accessed: 2024-11-24)}},
  url = {https://companion.home-assistant.io/},
  urldate = {2024-11-24},
}

@article{HALocalAssist,
  author = {Home Assistant},
  title = {{Installing a local Assist pipeline (accessed: 2024-11-24)}},
  url = {https://www.home-assistant.io/voice_control/voice_remote_local_assistant/},
  urldate = {2024-11-24},
}

@article{HAAutomationBasics,
  author = {Home Assistant},
  title = {{Understanding automations (accessed: 2024-11-27)}},
  url = {https://www.home-assistant.io/docs/automation/basics/},
  urldate = {2024-11-27},
}
